@misc{website1,
  author       = {SpringerLink},
  title        = {Big Data, cloud computing, and Data Science Engineering},
  year         = {2023},
  url          = {https://link.springer.com/book/10.1007/978-3-031-19608-9},
  note         = {Accessed: 2024-06-11}
}

@misc{website2,
  author       = {Tableau},
  title        = {What is Big Data? Big Data explained},
  year         = {},
  url          = {https://www.tableau.com/learn/articles/what-is-big-data},
  note         = {Accessed: 2024-06-11}
}

@misc{website3,
  author       = {Researchgate},
  title        = {Data cleansing mechanisms and approaches for Big Data Analytics: A systematic study},
  year         = {2021},
  url          = {https://www.researchgate.net/publication/356292133_Data_cleansing_mechanisms_and_approaches_for_big_data_analytics_a_systematic_study},
  note         = {Accessed: 2024-06-11}
}

@misc{website4,
  author       = {Pergamon},
  title        = {Beyond the hype: Big Data Concepts, methods, and analytics},
  year         = {2014},
  url          = {https://www.sciencedirect.com/science/article/pii/S0268401214001066},
  note         = {Accessed: 2024-06-11}
}

@misc{website5,
  author       = {SpringerLink},
  title        = {Big Data: A survey - mobile networks and applications},
  year         = {2014},
  url          = {https://link.springer.com/article/10.1007/s11036-013-0489-0},
  note         = {Accessed: 2024-06-11}
}