@MISC{alexsoft,
  title        = "Data Engineering: Data warehouse, data pipeline and data Eng",
  booktitle    = "{AltexSoft}",
  abstract     = "Data Engineering discipline enables effective data storing
                  and reliable data flow while taking charge of the
                  infrastructure.",
  month        =  mar,
  year         =  2023,
  howpublished = "\url{https://www.altexsoft.com/blog/what-is-data-engineering-explaining-data-pipeline-data-warehouse-and-data-engineer-role/}",
  note         = "Accessed: 2024-10-7",
  language     = "en"
}

@BOOK{Plugge2010-ie,
  title     = "The definitive guide to {MongoDB}",
  author    = "Plugge, Eelco and Membrey, Peter and Hawkins, Tim",
  publisher = "APress",
  edition   =  1,
  month     =  sep,
  year      =  2010,
  address   = "Berlin, Germany",
  language  = "en"
}

@MISC{noauthor_2018-nz,
  title        = "Extract data from {PDF} to Excel, {CSV}, {JSON}, read \&
                  generate {PDF}, barcodes",
  booktitle    = "{ByteScout}",
  abstract     = "Extract structured data from PDF to Excel, CSV, XML, JSON.
                  Generate PDF and barcodes, read barcodes. Extract data from
                  invoices, statements.",
  month        =  jul,
  year         =  2018,
  howpublished = "\url{https://bytescout.com}",
  note         = "Accessed: 2024-10-7",
  language     = "en"
}

@MISC{noauthor_undated-pn,
  title        = "Aggregation operations",
  abstract     = "Aggregation operations process multiple documents and return
                  computed results.",
  howpublished = "\url{https://www.mongodb.com/docs/manual/aggregation/}",
  note         = "Accessed: 2024-10-7",
  language     = "en"
}
